<record><leader>00000cas a22000001a 4500</leader><controlfield tag="001">30945202</controlfield><controlfield tag="007">hd bfa014baaa</controlfield><controlfield tag="008">940720d18911894nyuwr n a     0   c0rus c</controlfield><datafield ind1=" " ind2=" " tag="010"><subfield code="a">sn 94090040 </subfield></datafield><datafield ind1=" " ind2=" " tag="040"><subfield code="a">NYP</subfield><subfield code="b">eng</subfield><subfield code="c">NYP</subfield><subfield code="d">RQM</subfield><subfield code="d">OCLCQ</subfield><subfield code="d">OCLCF</subfield><subfield code="d">OCLCO</subfield><subfield code="d">OCLCQ</subfield></datafield><datafield ind1=" " ind2=" " tag="012"><subfield code="i">9505</subfield></datafield><datafield ind1=" " ind2=" " tag="042"><subfield code="a">pcc</subfield></datafield><datafield ind1="0" ind2="0" tag="245"><subfield code="a">Progress.</subfield></datafield><datafield ind1=" " ind2=" " tag="260"><subfield code="a">N&#697;i&#65056;u&#65057; Iork :</subfield><subfield code="b">[publisher not identified]</subfield></datafield><datafield ind1=" " ind2=" " tag="300"><subfield code="a">volumes :</subfield><subfield code="b">illustrations ;</subfield><subfield code="c">28-47 cm</subfield></datafield><datafield ind1=" " ind2=" " tag="310"><subfield code="a">Weekly</subfield></datafield><datafield ind1=" " ind2=" " tag="336"><subfield code="a">text</subfield><subfield code="b">txt</subfield><subfield code="2">rdacontent</subfield></datafield><datafield ind1=" " ind2=" " tag="337"><subfield code="a">microform</subfield><subfield code="b">h</subfield><subfield code="2">rdamedia</subfield></datafield><datafield ind1=" " ind2=" " tag="338"><subfield code="a">microfilm reel</subfield><subfield code="b">hd</subfield><subfield code="2">rdacarrier</subfield></datafield><datafield ind1="1" ind2=" " tag="362"><subfield code="a">Began with v. 1, 1891.</subfield></datafield><datafield ind1="1" ind2=" " tag="362"><subfield code="a">Ceased with no. 29, Jan. 30, 1894?</subfield></datafield><datafield ind1=" " ind2=" " tag="500"><subfield code="a">Collated as follows: 1891, Dec. 6-25 (nos. 1-4); 1892, Jan. 1-March 18 (nos. 5-15); 1893, May 7-Dec. 25 (nos. 16-27); 1894, Jan. 15-30 (nos. 28-29).</subfield></datafield><datafield ind1=" " ind2=" " tag="500"><subfield code="a">Subtitle varies: 1891-March 18, 1892, Ezhenedi&#65056;e&#65057;l&#697;nai&#65056;a&#65057; gazeta; with no. 16, Literaturno-politicheskoe obozri&#65056;e&#65057;nie.</subfield></datafield><datafield ind1=" " ind2=" " tag="500"><subfield code="a">"The only Russian paper without the dominions of the Czar."</subfield></datafield><datafield ind1=" " ind2=" " tag="500"><subfield code="a">Editors: N. Gurvich and V. Zhuk.</subfield></datafield><datafield ind1=" " ind2=" " tag="515"><subfield code="a">Suspended publication: March 19, 1892-May 6, 1893.</subfield></datafield><datafield ind1=" " ind2=" " tag="515"><subfield code="a">1893 also called: t. 2, vyp. 1-12; 1894 also called t. 3, vyp. 1-2.</subfield></datafield><datafield ind1=" " ind2=" " tag="533"><subfield code="a">Microfilm.</subfield><subfield code="m">v.1:no. 1-v.3:no. 29 (1891-1894)</subfield><subfield code="b">New York :</subfield><subfield code="c">New York Public Library,</subfield><subfield code="d">[19--].</subfield><subfield code="e">1 microfilm reel ; 35 mm.</subfield></datafield><datafield ind1=" " ind2="0" tag="650"><subfield code="a">Russian Americans</subfield><subfield code="v">Newspapers.</subfield></datafield><datafield ind1=" " ind2="7" tag="650"><subfield code="a">Russian Americans.</subfield><subfield code="2">fast</subfield><subfield code="0">(OCoLC)fst01101969</subfield></datafield><datafield ind1=" " ind2="7" tag="655"><subfield code="a">Newspapers.</subfield><subfield code="2">fast</subfield><subfield code="0">(OCoLC)fst01423814</subfield></datafield><datafield ind1=" " ind2=" " tag="850"><subfield code="a">NN</subfield><subfield code="a">NN (master)</subfield></datafield><datafield ind1="1" ind2=" " tag="029"><subfield code="a">AU@</subfield><subfield code="b">000025860921</subfield></datafield></record>